<?xml version="1.0" encoding="UTF-8"?>
<record xmlns="http://www.loc.gov/MARC21/slim">
   <leader>01624cam a2200361Ia 4500</leader>
   <controlfield tag="001">5536352</controlfield>
   <controlfield tag="003">NjP</controlfield>
   <controlfield tag="005">20190705165633.0</controlfield>
   <controlfield tag="008">001221s1936    le       b    001 0 arard</controlfield>
   <datafield tag="024" ind1="7" ind2=" ">
      <subfield code="a">princeton_aco003730</subfield>
      <subfield code="2">local</subfield>
   </datafield>
   <datafield ind1=" " ind2=" " tag="040">
      <subfield code="a">OSU</subfield>
      <subfield code="c">PUL</subfield>
      <subfield code="d">OCLCQ</subfield>
      <subfield code="d">PUL</subfield>
   </datafield>
   <datafield ind1=" " ind2=" " tag="066">
      <subfield code="c">(3</subfield>
   </datafield>
   <datafield ind1=" " ind2=" " tag="043">
      <subfield code="a">a-sy---</subfield>
      <subfield code="a">a-le---</subfield>
   </datafield>
   <datafield ind1=" " ind2=" " tag="090">
      <subfield code="a">HC497.S8</subfield>
      <subfield code="b">H34 1936</subfield>
   </datafield>
   <datafield ind1=" " ind2=" " tag="049">
      <subfield code="a">PULL</subfield>
   </datafield>
   <datafield ind1=" " ind2=" " tag="035">
      <subfield code="a">(OCoLC)ocm45613069</subfield>
   </datafield>
   <datafield ind1="1" ind2=" " tag="100">
      <subfield code="6">880-01</subfield>
      <subfield code="a">Ḥamādah, Saʻīd.</subfield>
   </datafield>
   <datafield ind1="1" ind2="3" tag="245">
      <subfield code="6">880-02</subfield>
      <subfield code="a">al-Niẓām al-iqtiṣādī fī Sūriyā wa-Lubnān /</subfield>
      <subfield code="c">muḥarriruhu Saʻīd Ḥamādah.</subfield>
   </datafield>
   <datafield ind1=" " ind2=" " tag="260">
      <subfield code="6">880-03</subfield>
      <subfield code="a">Bayrūt :</subfield>
      <subfield code="b">al-Jāmiʻah al-Amirīkīyah fī Bayrūt,</subfield>
      <subfield code="c">1936.</subfield>
   </datafield>
   <datafield ind1=" " ind2=" " tag="300">
      <subfield code="a">23, 523 p. ;</subfield>
      <subfield code="c">24 cm.</subfield>
   </datafield>
   <datafield ind1="1" ind2=" " tag="490">
      <subfield code="a">Manshūrāt. Silsilat al-ʻUlūm al-ijtimāʻīyah ;</subfield>
      <subfield code="v">al-ḥalqah 10</subfield>
   </datafield>
   <datafield ind1=" " ind2=" " tag="504">
      <subfield code="a">Includes bibliographical references and index.</subfield>
   </datafield>
   <datafield ind1=" " ind2="0" tag="651">
      <subfield code="a">Syria</subfield>
      <subfield code="x">Economic conditions.</subfield>
      <subfield code="0">http://id.loc.gov/authorities/subjects/sh85131695</subfield>
   </datafield>
   <datafield ind1=" " ind2="0" tag="651">
      <subfield code="a">Lebanon</subfield>
      <subfield code="x">Economic conditions.</subfield>
      <subfield code="0">http://id.loc.gov/authorities/subjects/sh98003384</subfield>
   </datafield>
   <datafield ind1=" " ind2="0" tag="651">
      <subfield code="a">Syria</subfield>
      <subfield code="x">Economic policy.</subfield>
      <subfield code="0">http://id.loc.gov/authorities/subjects/sh98001118</subfield>
   </datafield>
   <datafield ind1=" " ind2="0" tag="651">
      <subfield code="a">Lebanon</subfield>
      <subfield code="x">Economic policy.</subfield>
   </datafield>
   <datafield ind1=" " ind2="0" tag="830">
      <subfield code="a">Publications of the Faculty of Arts and Sciences.</subfield>
      <subfield code="p">Social science series ;</subfield>
      <subfield code="v">10.</subfield>
   </datafield>
   <datafield ind1="1" ind2=" " tag="880">
      <subfield code="6">100-01/(3/r</subfield>
      <subfield code="a">حمادة، سعيد.</subfield>
   </datafield>
   <datafield ind1="1" ind2="2" tag="880">
      <subfield code="6">245-02/(3/r</subfield>
      <subfield code="a">النظام الاقتصادي في سوريا ولبنان /</subfield>
      <subfield code="c">محرره سعيد حمادة.</subfield>
   </datafield>
   <datafield ind1=" " ind2=" " tag="880">
      <subfield code="6">260-03/(3/r</subfield>
      <subfield code="a">بيروت :</subfield>
      <subfield code="b">الجامعة الامريكية في بيروت،</subfield>
      <subfield code="c">1936.</subfield>
   </datafield>
   <datafield ind1=" " ind2=" " tag="904">
      <subfield code="a">slt</subfield>
      <subfield code="b">o</subfield>
      <subfield code="h">m</subfield>
      <subfield code="c">b</subfield>
      <subfield code="e">20080801</subfield>
   </datafield>
   <datafield ind1=" " ind2=" " tag="994">
      <subfield code="a">C0</subfield>
      <subfield code="b">PUL</subfield>
   </datafield>
   <datafield ind1=" " ind2=" " tag="999">
      <subfield code="a">5536352</subfield>
   </datafield>
   <datafield ind1=" " ind2=" " tag="902">
      <subfield code="a">ay</subfield>
      <subfield code="b">m</subfield>
      <subfield code="6">a</subfield>
      <subfield code="7">m</subfield>
      <subfield code="d">v</subfield>
      <subfield code="f">1</subfield>
      <subfield code="e">20080825</subfield>
   </datafield>
   <datafield ind1=" " ind2=" " tag="979">
      <subfield code="a">(OCoLC)ocn244393382</subfield>
   </datafield>
   <datafield ind1="0" ind2=" " tag="852">
      <subfield code="0">5666483</subfield>
      <subfield code="b">rcppa</subfield>
      <subfield code="h">HC497.S8</subfield>
      <subfield code="i">H34 1936</subfield>
   </datafield>
   <datafield ind1=" " ind2=" " tag="959">
      <subfield code="a">2008-08-25 11:49:45 -0400</subfield>
   </datafield>
</record>
